% Encoding: UTF-8

@Article{Putnam1988,
  author        = {Putnam, Robert D.},
  title         = {Diplomacy and domestic politics: the logic of two-level games},
  journal       = {International Organization},
  year          = {1988},
  volume        = {42},
  number        = {3},
  pages         = {427-460},
  issn          = {0020-8183},
  __markedentry = {[rvoigt2:]},
  database      = {Cambridge Core},
  doi           = {10.1017/s0020818300027697},
  edition       = {2009/05/22},
  publisher     = {Cambridge University Press},
  url           = {https://www.cambridge.org/core/article/diplomacy-and-domestic-politics-the-logic-of-twolevel-games/B2E11FB757C4465C4097015BD421035F},
}

@Article{Beck1995,
  author        = {Beck, Nathaniel and Katz, Jonathan N.},
  title         = {What To Do (and Not to Do) with Time-Series Cross-Section Data},
  journal       = {American Political Science Review},
  year          = {1995},
  volume        = {89},
  number        = {3},
  pages         = {634-647},
  issn          = {0003-0554},
  __markedentry = {[rvoigt2:6]},
  database      = {Cambridge Core},
  doi           = {10.2307/2082979},
  edition       = {2012/09/25},
  publisher     = {Cambridge University Press},
  url           = {https://www.cambridge.org/core/article/what-to-do-and-not-to-do-with-timeseries-crosssection-data/0E778B85AB008DAF8D13E0AC63505E37},
}

@Comment{jabref-meta: databaseType:bibtex;}
